@inproceedings{sajedi2023datadam,
  title={Datadam: Efficient dataset distillation with attention matching},
  author={Sajedi, Ahmad and Khaki, Samir and Amjadian, Ehsan and Liu, Lucy Z and Lawryshyn, Yuri A and Plataniotis, Konstantinos N},
  booktitle={Proceedings of the IEEE/CVF International Conference on Computer Vision},
  pages={17097--17107},
  year={2023}
}